<?xml version="1.0" encoding="utf-8"?>
<record xmlns="http://www.loc.gov/MARC21/slim" xmlns:xsi="http://www.w3.org/2001/XMLSchema-instance" xsi:schemaLocation="http://www.loc.gov/MARC21/slim http://www.loc.gov/standards/marcxml/schema/MARC21slim.xsd">
	<leader>     nam a22        4500</leader>
	<controlfield tag="001">2959252</controlfield>
	<controlfield tag="003">NNC</controlfield>
	<controlfield tag="006">m        d        </controlfield>
	<controlfield tag="007">cr cn |||m|||a</controlfield>
	<controlfield tag="008">161117s1968    iq      o     001 0 arao </controlfield>
	<datafield ind1=" " ind2=" " tag="040">
		<subfield code="a">NNU</subfield>
		<subfield code="b">eng</subfield>
		<subfield code="e">rda</subfield>
		<subfield code="c">NNU</subfield>
	</datafield>
	<datafield ind1="0" ind2="0" tag="050">
		<subfield code="a">BP191</subfield>
		<subfield code="b">.M3 1968</subfield>
	</datafield>
	<datafield ind1="0" ind2="4" tag="082">
		<subfield code="a">297.8</subfield>
	</datafield>
	<datafield ind1="1" ind2=" " tag="100">
		<subfield code="6">880-01</subfield>
		<subfield code="a">Malaṭī, Muḥammad ibn Aḥmad,</subfield>
		<subfield code="d">-987 or 988.</subfield>
	</datafield>
	<datafield ind1="1" ind2="3" tag="245">
		<subfield code="6">880-02</subfield>
		<subfield code="a">al-Tanbīh wa-al-radd ʻalá ahl al-ahwāʼ wa-al-bidaʻ /</subfield>
		<subfield code="c">Abū al-Ḥusayn Muḥammad ibn Aḥmad ibn ʻAbd al-Raḥman al-Malaṭī al-Shāfiʻī ; qaddama lahu wa-ʻallaqa ʻalayh Muḥammad Zāhid ibn al-Ḥasan al-Kawtharī.</subfield>
	</datafield>
	<datafield ind1=" " ind2=" " tag="250">
		<subfield code="6">880-03</subfield>
		<subfield code="a">[al-Ṭabʻah 2].</subfield>
	</datafield>
	<datafield ind1=" " ind2=" " tag="260">
		<subfield code="a">Baghdād :</subfield>
		<subfield code="b">Maktabat al-Muthanná ;</subfield>
		<subfield code="a">Bayrūt :</subfield>
		<subfield code="b">Maktabat al-Maʻārif,</subfield>
		<subfield code="c">1968.</subfield>
	</datafield>
	<datafield ind1=" " ind2=" " tag="300">
		<subfield code="a">online resource (20, 219 pages)</subfield>
	</datafield>
	<datafield ind1=" " ind2=" " tag="336">
		<subfield code="a">text</subfield>
		<subfield code="2">rdacontent</subfield>
	</datafield>
	<datafield ind1=" " ind2=" " tag="337">
		<subfield code="a">computer</subfield>
		<subfield code="2">rdamedia</subfield>
	</datafield>
	<datafield ind1=" " ind2=" " tag="338">
		<subfield code="a">online resource</subfield>
		<subfield code="2">rdacarrier</subfield>
	</datafield>
	<datafield ind1=" " ind2=" " tag="500">
		<subfield code="a">Title on p. 4 of cover: al-Tanbih w'arrad alà ahl-el-ahwaà w'al-bidaâ [by] Muhamad ben Ahmad ben abdei Rahman el Malti Achafie.</subfield>
	</datafield>
	<datafield ind1=" " ind2=" " tag="500">
		<subfield code="a">Includes indexes.</subfield>
	</datafield>
	<datafield ind1=" " ind2=" " tag="500">
		<subfield code="a">Part of the Arabic Collections Online (ACO) project, contributed by Columbia University Libraries.</subfield>
	</datafield>
	<datafield ind1=" " ind2=" " tag="533">
		<subfield code="a">Electronic reproduction.</subfield>
		<subfield code="b">New York, N.Y. :</subfield>
		<subfield code="c">New York University,</subfield>
		<subfield code="d">2016.</subfield>
		<subfield code="5">NNU</subfield>
	</datafield>
	<datafield ind1=" " ind2="0" tag="650">
		<subfield code="a">Islamic sects.</subfield>
	</datafield>
	<datafield ind1=" " ind2="7" tag="650">
		<subfield code="a">Islamic sects.</subfield>
		<subfield code="2">fast</subfield>
		<subfield code="0">(OCoLC)fst00980055</subfield>
	</datafield>
	<datafield ind1="1" ind2=" " tag="700">
		<subfield code="6">880-04</subfield>
		<subfield code="a">Kawtharī, Muḥammad Zāhid ibn al-Ḥasan.</subfield>
	</datafield>
	<datafield ind1="2" ind2=" " tag="710">
		<subfield code="a">Columbia University.</subfield>
		<subfield code="b">Libraries.</subfield>
	</datafield>
	<datafield ind1="0" ind2=" " tag="730">
		<subfield code="a">Arabic Collections Online.</subfield>
	</datafield>
	<datafield ind1="0" ind2="8" tag="776">
		<subfield code="i">Online version:</subfield>
		<subfield code="a">Malaṭī, Muḥammad ibn Aḥmad, -987 or 8.</subfield>
		<subfield code="t">Tanbīh wa-al-radd ʻalá ahl al-ahwāʼ wa-al-bidaʻ.</subfield>
		<subfield code="b">[al-Ṭabʻah 2].</subfield>
		<subfield code="d">Baghdād : Maktabat al-Muthanná, 1968</subfield>
		<subfield code="w">(OCoLC)588876196</subfield>
	</datafield>
	<datafield ind1="0" ind2="8" tag="776">
		<subfield code="i">Print version:</subfield>
		<subfield code="a">Malaṭī, Muḥammad ibn Aḥmad, -987 or 988.</subfield>
		<subfield code="t">al-Tanbīh wa-al-radd ʻalá ahl al-ahwāʼ wa-al-bidaʻ</subfield>
		<subfield code="w">(NNC)2959252</subfield>
		<subfield code="w">(DLC)   79960064 </subfield>
		<subfield code="w">(OCoLC)15269928</subfield>
	</datafield>
	<datafield ind1="4" ind2="0" tag="856">
		<subfield code="u">http://hdl.handle.net/2333.1/gf1vhnwq</subfield>
	</datafield>
	<datafield ind1="1" ind2=" " tag="880">
		<subfield code="6">100-01/r</subfield>
		<subfield code="a">ملطي، محمد بن أحمد، </subfield>
		<subfield code="d">-987 or 988.</subfield>
	</datafield>
	<datafield ind1="1" ind2="3" tag="880">
		<subfield code="6">245-02/r</subfield>
		<subfield code="a">التنبيه والرد على أهل الأهواء والبدع /</subfield>
		<subfield code="c">لأبي الحسين محمد بن أحمد بن عبد الرحمن الملطي الشافعي ؛ قدم له وعلق عليه محمد زاهد بن الحسن الكوثري.</subfield>
	</datafield>
	<datafield ind1=" " ind2=" " tag="880">
		<subfield code="6">250-03/r</subfield>
		<subfield code="a">الطبعة ٢.</subfield>
	</datafield>
	<datafield ind1=" " ind2=" " tag="880">
		<subfield code="6">260-00/r</subfield>
		<subfield code="a">بغداد :</subfield>
		<subfield code="b">مكتبة المثنى ؛</subfield>
		<subfield code="a">بيروت :</subfield>
		<subfield code="b">مكتبة المعارف،</subfield>
		<subfield code="c">١٩٦٨.</subfield>
	</datafield>
	<datafield ind1="1" ind2=" " tag="880">
		<subfield code="6">700-04/r</subfield>
		<subfield code="a">كوثري، محمد زاهد بن الحسن.</subfield>
	</datafield>
	<datafield ind1=" " ind2=" " tag="959">
		<subfield code="a">NNU</subfield>
		<subfield code="b">WEB</subfield>
		<subfield code="c">GENI</subfield>
		<subfield code="t">0</subfield>
		<subfield code="m">Electronic access</subfield>
		<subfield code="s">01</subfield>
	</datafield>
	<datafield ind1=" " ind2=" " tag="999">
		<subfield code="i">NNC_2959252</subfield>
		<subfield code="o">(OCoLC)ocm15269928</subfield>
		<subfield code="s">columbia_aco002101</subfield>
		<subfield code="e">(ERROR-880)</subfield>
		<subfield code="s">columbia_aco002101</subfield>
	</datafield>
</record>
